<record><leader>00000cas a2200000 a 4500</leader><controlfield tag="001">9431455</controlfield><controlfield tag="008">830420d18931919ksumr ne      0    0eng d</controlfield><datafield ind1=" " ind2=" " tag="010"><subfield code="a">sn 83040123 </subfield></datafield><datafield ind1=" " ind2=" " tag="040"><subfield code="a">KSH</subfield><subfield code="b">eng</subfield><subfield code="c">KSH</subfield><subfield code="d">NPT</subfield><subfield code="d">DLC</subfield><subfield code="d">NVG</subfield><subfield code="d">OCL</subfield><subfield code="d">OCLCG</subfield><subfield code="d">OCLCF</subfield><subfield code="d">OCLCO</subfield></datafield><datafield ind1=" " ind2=" " tag="042"><subfield code="a">msc</subfield></datafield><datafield ind1="0" ind2="0" tag="245"><subfield code="a">Missouri Valley farmer.</subfield></datafield><datafield ind1=" " ind2=" " tag="260"><subfield code="a">Atchison, Kan. :</subfield><subfield code="b">Missouri Valley Farmer Co.,</subfield><subfield code="c">1893-1919</subfield><subfield code="e">(Kansas City, [Mo.] :</subfield><subfield code="f">A.N. Kellog Newspaper Co.)</subfield></datafield><datafield ind1=" " ind2=" " tag="300"><subfield code="a">30 v. :</subfield><subfield code="b">ill. ;</subfield><subfield code="c">38-60 cm.</subfield></datafield><datafield ind1=" " ind2=" " tag="310"><subfield code="a">Monthly</subfield><subfield code="b">Feb. 1900-May 1919</subfield></datafield><datafield ind1=" " ind2=" " tag="321"><subfield code="a">Weekly</subfield><subfield code="b">Jan. 5, 1893-Jan. 12, 1900</subfield></datafield><datafield ind1="0" ind2=" " tag="362"><subfield code="a">Vol. 1, no. 1 (Jan. 5, 1893)-v. 10, no. 2 (Jan. 12, 1900) ; v. 11, no. 1 (Feb. 1900)-v. 30, no. 4 (May 1919).</subfield></datafield><datafield ind1=" " ind2=" " tag="500"><subfield code="a">Published in Kansas City, Mo., Aug 25, 1898-Apr. 1900; in Kansas City, Mo. and Topeka, Kan., May 1900-Jan. 1901; in Topeka, Kan., Feb. 1901-Apr. 1904; in Topeka, Kan., Kansas City, Mo. and Chicago, Ill., May 1904-Jan. 1907; in Topeka, Kan., Feb. 1907-May 1919.</subfield></datafield><datafield ind1=" " ind2=" " tag="500"><subfield code="a">Published by Arthur Capper, Nov. 1905-May 1919.</subfield></datafield><datafield ind1=" " ind2=" " tag="580"><subfield code="a">Continued by the periodical called: Capper's farmer.</subfield></datafield><datafield ind1=" " ind2="0" tag="650"><subfield code="a">Agriculture</subfield><subfield code="v">Periodicals.</subfield></datafield><datafield ind1=" " ind2="7" tag="655"><subfield code="a">Periodicals.</subfield><subfield code="2">fast</subfield><subfield code="0">(OCoLC)fst01411641</subfield></datafield><datafield ind1=" " ind2="7" tag="650"><subfield code="a">Agriculture.</subfield><subfield code="2">fast</subfield><subfield code="0">(OCoLC)fst00801355</subfield></datafield><datafield ind1="1" ind2=" " tag="700"><subfield code="a">Capper, Arthur,</subfield><subfield code="d">1865-1951.</subfield></datafield><datafield ind1=" " ind2=" " tag="752"><subfield code="a">United States</subfield><subfield code="b">Kansas</subfield><subfield code="c">Atchison</subfield><subfield code="d">Atchison.</subfield></datafield><datafield ind1=" " ind2=" " tag="752"><subfield code="a">United States</subfield><subfield code="b">Kansas</subfield><subfield code="c">Shawnee</subfield><subfield code="d">Topeka.</subfield></datafield><datafield ind1=" " ind2=" " tag="752"><subfield code="a">United States</subfield><subfield code="b">Missouri</subfield><subfield code="c">Jackson</subfield><subfield code="d">Kansas City.</subfield></datafield><datafield ind1=" " ind2=" " tag="752"><subfield code="a">United States</subfield><subfield code="b">Illinois</subfield><subfield code="c">Cook</subfield><subfield code="d">Chicago.</subfield></datafield><datafield ind1="0" ind2="5" tag="780"><subfield code="t">American homestead</subfield><subfield code="w">(DLC)sn 86063441</subfield></datafield><datafield ind1="1" ind2="0" tag="785"><subfield code="t">Capper's farmer</subfield><subfield code="w">(OCoLC)1553322</subfield></datafield></record>